
@book{hawking_1999,
  place={Reinbek bei Hamburg},
  title={Eine kurze Geschichte der Zeit},
  publisher={Rowohlt},
  author={Hawking, Stephen W.},
  year={1999}
}
@techreport{MuenchenerHyp2023,
  title        = {MünchenerHyp Geschäftsbericht 2023},
  author       = {{Münchener Hypothekenbank eG}},
  year         = {2023},
  

}
@book{cochran1953sampling,
  title={Sampling Techniques},
  author={Cochran, William G},
  year={1953},
  publisher={John Wiley \& Sons},
  address={New York},
  edition={1st},
  pages={50--51} % Số trang nơi công thức Cochran được giới thiệu
}
@article{zurek2022real,
  title={Real estate markets and lending: does local growth fuel risk?},
  author={Zurek, Maximilian},
  journal={Journal of Financial Services Research},
  volume={62},
  number={1},
  pages={27--59},
  year={2022},
  publisher={Springer}
}
@misc{suche_postleitzahl,
  author       = {{www.suche-postleitzahl.org}},
  title        = {Suche Postleitzahl - Deutsche Postleitzahlenkarte und Gemeinden},
  year         = {2023},
  url          = {https://www.suche-postleitzahl.org},

}
@online{destatis,
    author       = {{Statistisches Bundesamt}},
    title        = {Bevölkerung und Demografie - Bevölkerungsstand},
    year         = {2023},
    url          = {https://www.destatis.de/DE/Themen/Gesellschaft-Umwelt/Bevoelkerung/Bevoelkerungsstand/_inhalt.html},
    urldate      = {2024-08-27}
}
@techreport{ECB2022ClimateStressTest,
  author      = {{European Central Bank}},
  title       = {2022 climate risk stress test},
  institution = {European Central Bank},
  year        = {2022},
  month       = {July},
  type        = {Report},
  url         = {https://www.bankingsupervision.europa.eu/ecb/pub/pdf/ssm.climate_stress_test_report.20220708~2e3cc0999f.en.pdf},
  note        = {Accessed: [Ngày truy cập của bạn]}
}